% This file was created with JabRef 2.7.2.
% Encoding: UTF8

@PHDTHESIS{andersen1994program,
  author = {Andersen, L.O.},
  title = {Program analysis and specialization for the C programming language},
  school = {University of Cophenhagen},
  year = {1994}
}

@ARTICLE{richards2011eval,
  author = {Richards, G. and Hammer, C. and Burg, B. and Vitek, J.},
  title = {The eval that men do},
  journal = {ECOOP 2011--Object-Oriented Programming},
  year = {2011},
  pages = {52--78},
  publisher = {Springer}
}

@BOOK{masterAspectj,
author={Manoj Kumar Gupt1a},
title={Mastering AspectJ Aspect Oriented Programming in Java},
publisher={Wiley},
year={2003}}

@INPROCEEDINGS{belblidia:towards,
AUTHOR = "Nadia Belblidia and Mourad Debbabi",
TITLE = "Towards a Formal Semantics for AspectJ Weaving",
BOOKTITLE = "JMLC'06",
PAGES = {155-171},
YEAR = {2006},
}


@MISC{web:aopwiki,
  author={{Wikipedia}},
  title = {{Aspect-oriented programming}},
  howpublished = "\url{http://en.wikipedia.org/wiki/Aspect-oriented_programming}",
  month = {September},
  year = {2012}
}

@MISC{web:w3chtml,
  author = {{W3C}},
  title = {{HTML 4.01 Specification}},
  howpublished = {\url{http://www.w3.org/TR/html401/}},
  year = {1999}
}

@INPROCEEDINGS{weiser1981program,
  author = {Weiser, M.},
  title = {Program slicing},
  booktitle = {Proceedings of the 5th international conference on Software engineering},
  year = {1981},
  pages = {439--449},
  organization = {IEEE Press}
}

@MISC{web:jvm_spec,
author={{Oracle}},
title={{The Java Virtual Machine Specification}},
howpublished="\url{http://docs.oracle.com/javase/specs/jvms/se7/html/index.html}",
month={June},
year={2012}
}
