@inproceedings{fse18-fot,
	author = {\textbf{Hongxu Chen} and Yuekang Li and Bihuan Chen and Yinxing Xue and Yang Liu},
	title = {FOT: A Versatile, Configurable, Extensible Fuzzing Framework},
	year = {2018},
	booktitle = {Proceedings of the 2018 {ACM} Joint Meeting on European Software Engineering
               Conference and Symposium on the Foundations of Software Engineering,
               {ESEC/SIGSOFT} {FSE} 2018, Lake Buena Vista, FL, USA, November 04-09,
               2018},
    pages  = {867--870},
    publisher = {ACM Press},
}

@inproceedings{hawkeye,
	author = {\textbf{Hongxu Chen} and Yinxing Xue and Yuekang Li and Bihuan Chen and Xiaofei Xie and Xiuheng Wu and Yang Liu},
	title = {Hawkeye: Towards a Desired Directed Grey-box Fuzzing},
	year = {2018},
	pages = {2095--2108},
	booktitle = {Proceedings of the 2018 {ACM} {SIGSAC} Conference on Computer and
               Communications Security, {CCS} 2018, Toronto, ON, Canada, October
               15-19, 2018},
	doi = {10.1145/3243734.3243849},
}

@inproceedings{sta,
  author    = {\textbf{Hongxu Chen} and
               Alwen Tiu and
               Zhiwu Xu and
               Yang Liu},
  title     = {A Permission-Dependent Type System for Secure Information Flow Analysis},
  booktitle = {31st {IEEE} Computer Security Foundations Symposium, {CSF} 2018, Oxford,
               United Kingdom, July 9-12, 2018},
  pages     = {218--232},
  year      = {2018},
  url       = {https://doi.org/10.1109/CSF.2018.00023},
  doi       = {10.1109/CSF.2018.00023},
  timestamp = {Thu, 23 Aug 2018 17:16:52 +0200},
  biburl    = {https://dblp.org/rec/bib/conf/csfw/ChenTXL18},
  bibsource = {dblp computer science bibliography, https://dblp.org}
}

@article{XueM0TC0Z17,
  author    = {Yinxing Xue and
               Guozhu Meng and
               Yang Liu and
               Tian Huat Tan and
               \textbf{Hongxu Chen} and
               Jun Sun and
               Jie Zhang},
  title     = {Auditing Anti-Malware Tools by Evolving Android Malware and Dynamic
               Loading Technique},
  journal   = {{IEEE} Trans. Information Forensics and Security},
  volume    = {12},
  number    = {7},
  pages     = {1529--1544},
  year      = {2017},
  url       = {https://doi.org/10.1109/TIFS.2017.2661723},
  doi       = {10.1109/TIFS.2017.2661723},
  timestamp = {Mon, 04 Jun 2018 23:34:48 +0200},
  biburl    = {https://dblp.org/rec/bib/journals/tifs/XueM0TC0Z17},
  bibsource = {dblp computer science bibliography, https://dblp.org}
}

@inproceedings{XieLLLC15,
  author    = {Xiaofei Xie and
               Yang Liu and
               Wei Le and
               Xiaohong Li and
               \textbf{Hongxu Chen}},
  title     = {S-looper: automatic summarization for multipath string loops},
  booktitle = {Proceedings of the 2015 International Symposium on Software Testing
               and Analysis, {ISSTA} 2015, Baltimore, MD, USA, July 12-17, 2015},
  pages     = {188--198},
  year      = {2015},
  url       = {http://doi.acm.org/10.1145/2771783.2771815},
  doi       = {10.1145/2771783.2771815},
  timestamp = {Wed, 15 Nov 2017 12:47:39 +0100},
  biburl    = {https://dblp.org/rec/bib/conf/issta/XieLLLC15},
  bibsource = {dblp computer science bibliography, https://dblp.org}
}

@inproceedings{deephunter_issta,
 author = {Xie, Xiaofei and Ma, Lei and Juefei-Xu, Felix and Xue, Minhui and \textbf{Chen, Hongxu} and Liu, Yang and Zhao, Jianjun and Li, Bo and Yin, Jianxiong and See, Simon},
 title = {DeepHunter: A Coverage-guided Fuzz Testing Framework for Deep Neural Networks},
 booktitle = {Proceedings of the 28th ACM SIGSOFT International Symposium on Software Testing and Analysis},
 series = {ISSTA 2019},
 year = {2019},
 isbn = {978-1-4503-6224-5},
 location = {Beijing, China},
 pages = {146--157},
 numpages = {12},
 url = {http://doi.acm.org/10.1145/3293882.3330579},
 doi = {10.1145/3293882.3330579},
 acmid = {3330579},
 publisher = {ACM},
 address = {New York, NY, USA},
 keywords = {Deep learning testing, coverage-guided fuzzing, metamorphic testing},
}

@inproceedings{deephunter_demo,
  author = {Xie, Xiaofei and \textbf{Chen, Hongxu} and Li, Yi and Ma Lei and Liu, Yang and Zhao, Jianjun},
  title = {DeepHunter: A Coverage-Guided Fuzzer for Deep Neural Networks},
  booktitle = {ASE '19'},
  year = {2019},
  isbn = {},
  location = {},
  pages = {},
  numpages = {},
  url = {},
  doi = {},
  acmid = {},
  publisher = {},
  address = {},
  keywords = {}

}
