@inproceedings{fse18-fot,
	author = {Hongxu Chen and Yuekang Li and Bihuan Chen and Yinxing Xue and Yang Liu},
	title = {FOT: A Versatile, Configurable, Extensible Fuzzing Framework},
	year = {2018},
    pages = {(to appear)},
    series = {FSE '18 tool demo},
    publisher = {ACM Press},
	month = {11},
}

@inproceedings{hawkeye,
	author = {Hongxu Chen and Yinxing Xue and Yuekang Li and Bihuan Chen and Xiaofei Xie and Xiuheng Wu and Yang Liu},
	title = {Hawkeye: Towards a Desired Directed Grey-box Fuzzing},
	year = {2018},
	booktitle = {CCS},
	doi = {10.1145/3243734.3243849},
}

@inproceedings{sta,
  author    = {Hongxu Chen and
               Alwen Tiu and
               Zhiwu Xu and
               Yang Liu},
  title     = {A Permission-Dependent Type System for Secure Information Flow Analysis},
  booktitle = {31st {IEEE} Computer Security Foundations Symposium, {CSF} 2018, Oxford,
               United Kingdom, July 9-12, 2018},
  pages     = {218--232},
  year      = {2018},
  crossref  = {DBLP:conf/csfw/2018},
  url       = {https://doi.org/10.1109/CSF.2018.00023},
  doi       = {10.1109/CSF.2018.00023},
  timestamp = {Thu, 23 Aug 2018 17:16:52 +0200},
  biburl    = {https://dblp.org/rec/bib/conf/csfw/ChenTXL18},
  bibsource = {dblp computer science bibliography, https://dblp.org}
}

@article{XueM0TC0Z17,
  author    = {Yinxing Xue and
               Guozhu Meng and
               Yang Liu and
               Tian Huat Tan and
               Hongxu Chen and
               Jun Sun and
               Jie Zhang},
  title     = {Auditing Anti-Malware Tools by Evolving Android Malware and Dynamic
               Loading Technique},
  journal   = {{IEEE} Trans. Information Forensics and Security},
  volume    = {12},
  number    = {7},
  pages     = {1529--1544},
  year      = {2017},
  url       = {https://doi.org/10.1109/TIFS.2017.2661723},
  doi       = {10.1109/TIFS.2017.2661723},
  timestamp = {Mon, 04 Jun 2018 23:34:48 +0200},
  biburl    = {https://dblp.org/rec/bib/journals/tifs/XueM0TC0Z17},
  bibsource = {dblp computer science bibliography, https://dblp.org}
}

@inproceedings{XieLLLC15,
  author    = {Xiaofei Xie and
               Yang Liu and
               Wei Le and
               Xiaohong Li and
               Hongxu Chen},
  title     = {S-looper: automatic summarization for multipath string loops},
  booktitle = {Proceedings of the 2015 International Symposium on Software Testing
               and Analysis, {ISSTA} 2015, Baltimore, MD, USA, July 12-17, 2015},
  pages     = {188--198},
  year      = {2015},
  crossref  = {DBLP:conf/issta/2015},
  url       = {http://doi.acm.org/10.1145/2771783.2771815},
  doi       = {10.1145/2771783.2771815},
  timestamp = {Wed, 15 Nov 2017 12:47:39 +0100},
  biburl    = {https://dblp.org/rec/bib/conf/issta/XieLLLC15},
  bibsource = {dblp computer science bibliography, https://dblp.org}
}
